@ARTICLE{Huebner2015,
       author = {{Huebner}, W.~F. and {Mukherjee}, J.},
        title = "{Photoionization and photodissociation rates in solar and blackbody radiation fields}",
      journal = {\planss},
     keywords = {Atoms, Ions, Molecules, Molecular ions, Photodissociation, Photoionization, Dissociative photoionization, Excess energy, Solar radiation, Blackbody radiation},
         year = 2015,
        month = feb,
       volume = {106},
        pages = {11-45},
          doi = {10.1016/j.pss.2014.11.022},
       adsurl = {https://ui.adsabs.harvard.edu/abs/2015P&SS..106...11H},
      adsnote = {Provided by the SAO/NASA Astrophysics Data System}
}

@ARTICLE{Heays2017,
       author = {{Heays}, A.~N. and {Bosman}, A.~D. and {van Dishoeck}, E.~F.},
        title = "{Photodissociation and photoionisation of atoms and molecules of astrophysical interest}",
      journal = {\aap},
     keywords = {photon-dominated region (PDR), cosmic rays, dust, extinction, ISM: molecules, molecular data, atomic data, Astrophysics - Solar and Stellar Astrophysics, Astrophysics - Astrophysics of Galaxies},
         year = 2017,
        month = jun,
       volume = {602},
          eid = {A105},
        pages = {A105},
          doi = {10.1051/0004-6361/201628742},
archivePrefix = {arXiv},
       eprint = {1701.04459},
 primaryClass = {astro-ph.SR},
       adsurl = {https://ui.adsabs.harvard.edu/abs/2017A&A...602A.105H},
      adsnote = {Provided by the SAO/NASA Astrophysics Data System}
}

@ARTICLE{Okabe1983,
       author = {{Okabe}, Hideo},
        title = "{Photochemistry of acetylene at 1849 \&Aring}",
      journal = {\jcp},
         year = 1983,
        month = feb,
       volume = {78},
       number = {3},
        pages = {1312-1317},
          doi = {10.1063/1.444868},
       adsurl = {https://ui.adsabs.harvard.edu/abs/1983JChPh..78.1312O},
      adsnote = {Provided by the SAO/NASA Astrophysics Data System}
}

@ARTICLE{KellerRudek2013,
       author = {{Keller-Rudek}, H. and {Moortgat}, G.~K. and {Sander}, R. and {S{\"o}rensen}, R.},
        title = "{The MPI-Mainz UV/VIS Spectral Atlas of Gaseous Molecules of Atmospheric Interest}",
      journal = {Earth System Science Data},
         year = 2013,
        month = dec,
       volume = {5},
       number = {2},
        pages = {365-373},
          doi = {10.5194/essd-5-365-201310.5194/essdd-6-411-2013},
       adsurl = {https://ui.adsabs.harvard.edu/abs/2013ESSD....5..365K},
      adsnote = {Provided by the SAO/NASA Astrophysics Data System}
}

@article{Billmers1991,
  title={Ultraviolet-visible absorption spectra of equilibrium sulfur vapor: Molar absorptivity spectra of S3 and S4},
  author={Billmers, Richard I and Smith, Allan L},
  journal={The Journal of Physical Chemistry},
  volume={95},
  number={11},
  pages={4242--4245},
  year={1991},
  publisher={ACS Publications}
}

@article{BiehlStuhl1991,
  title={Vacuum UV absorption and excitation spectra of N2H4},
  author={Biehl, H and Stuhl, F},
  journal={Journal of Photochemistry and Photobiology A: Chemistry},
  volume={59},
  number={2},
  pages={135--142},
  year={1991},
  publisher={Elsevier}
}

@ARTICLE{Vaghjiani1993,
       author = {{Vaghjiani}, Ghanshyam L.},
        title = "{Ultraviolet absorption cross sections for N$_{2}$H$_{4}$ vapor between 191-291 nm and H($^{2}$S) quantum yield in 248 nm photodissociation at 296 K}",
      journal = {\jcp},
         year = 1993,
        month = feb,
       volume = {98},
       number = {3},
        pages = {2123-2131},
          doi = {10.1063/1.464190},
       adsurl = {https://ui.adsabs.harvard.edu/abs/1993JChPh..98.2123V},
      adsnote = {Provided by the SAO/NASA Astrophysics Data System}
}

@ARTICLE{Lavvas2008,
       author = {{Lavvas}, P.~P. and {Coustenis}, A. and {Vardavas}, I.~M.},
        title = "{Coupling photochemistry with haze formation in Titan's atmosphere, Part I: Model description}",
      journal = {\planss},
         year = 2008,
        month = jan,
       volume = {56},
       number = {1},
        pages = {27-66},
          doi = {10.1016/j.pss.2007.05.026},
       adsurl = {https://ui.adsabs.harvard.edu/abs/2008P&SS...56...27L},
      adsnote = {Provided by the SAO/NASA Astrophysics Data System}
}

@ARTICLE{Schmidt2013,
       author = {{Schmidt}, Johan A. and {Johnson}, Matthew S. and {Schinke}, Reinhard},
        title = "{Carbon dioxide photolysis from 150 to 210 nm: Singlet and triplet channel dynamics, UV-spectrum, and isotope effects}",
      journal = {Proceedings of the National Academy of Science},
         year = 2013,
        month = oct,
       volume = {110},
       number = {44},
        pages = {17691-17696},
          doi = {10.1073/pnas.1213083110},
       adsurl = {https://ui.adsabs.harvard.edu/abs/2013PNAS..11017691S},
      adsnote = {Provided by the SAO/NASA Astrophysics Data System}
}

@ARTICLE{Matsumi2002,
       author = {{Matsumi}, Y. and {Comes}, F.~J. and {Hancock}, G. and {Hofzumahaus}, A. and {Hynes}, A.~J. and {Kawasaki}, M. and {Ravishankara}, A.~R.},
        title = "{Quantum yields for production of O($^{1}$D) in the ultraviolet photolysis of ozone: Recommendation based on evaluation of laboratory data}",
      journal = {Journal of Geophysical Research (Atmospheres)},
     keywords = {Atmospheric Composition and Structure: Chemical kinetic and photochemical properties, Atmospheric Composition and Structure: Troposphere-composition and chemistry, Atmospheric Composition and Structure: Middle atmosphere-composition and chemistry},
         year = 2002,
        month = feb,
       volume = {107},
       number = {D3},
          eid = {4024},
        pages = {4024},
          doi = {10.1029/2001JD000510},
       adsurl = {https://ui.adsabs.harvard.edu/abs/2002JGRD..107.4024M},
      adsnote = {Provided by the SAO/NASA Astrophysics Data System}
}

@techreport{Burkholder2020,
  title={Chemical kinetics and photochemical data for use in atmospheric studies; evaluation number 19},
  author={Burkholder, JB and Sander, SP and Abbatt, JPD and Barker, JR and Cappa, C and Crounse, JD and Dibble, TS and Huie, RE and Kolb, CE and Kurylo, MJ and others},
  year={2020},
  institution={Pasadena, CA: Jet Propulsion Laboratory, National Aeronautics and Space~â€¦}
}

@ARTICLE{Cheng2006
       author = {{Cheng}, Bing-Ming and {Lu}, Hsiao-Chi and {Chen}, Hong-Kai and {Bahou}, Mohammed and {Lee}, Yuan-Pern and {Mebel}, Alexander M. and {Lee}, L.~C. and {Liang}, Mao-Chang and {Yung}, Yuk L.},
        title = "{Absorption Cross Sections of NH$_{3}$, NH$_{2}$D, NHD$_{2}$, and ND$_{3}$ in the Spectral Range 140-220 nm and Implications for Planetary Isotopic Fractionation}",
      journal = {\apj},
     keywords = {Astrochemistry, Methods: Laboratory, Molecular Data},
         year = 2006,
        month = aug,
       volume = {647},
       number = {2},
        pages = {1535-1542},
          doi = {10.1086/505615},
       adsurl = {https://ui.adsabs.harvard.edu/abs/2006ApJ...647.1535C},
      adsnote = {Provided by the SAO/NASA Astrophysics Data System}
}

@ARTICLE{Gans2011,
       author = {{Gans}, B{\'e}renger and {Boy{\'e}-P{\'e}ronne}, S{\'e}verine and {Broquier}, Michel and {Delsaut}, Maxence and {Douin}, St{\'e}phane and {Fellows}, Carlos E. and {Halvick}, Philippe and {Loison}, Jean-Christophe and {Lucchese}, Robert R. and {Gauyacq}, Dolores},
        title = "{Photolysis of methane revisited at 121.6 nm and at 118.2 nm: quantum yields of the primary products, measured by mass spectrometry}",
      journal = {Physical Chemistry Chemical Physics (Incorporating Faraday Transactions)},
         year = 2011,
        month = jan,
       volume = {13},
       number = {18},
        pages = {8140},
          doi = {10.1039/C0CP02627A},
       adsurl = {https://ui.adsabs.harvard.edu/abs/2011PCCP...13.8140G},
      adsnote = {Provided by the SAO/NASA Astrophysics Data System}
}

@ARTICLE{Slanger1982,
       author = {{Slanger}, Tom G. and {Black}, Graham},
        title = "{Photodissociative channels at 1216 {\r{A}} for H$_{2}$O, NH$_{3}$, and CH$_{4}$}",
      journal = {\jcp},
         year = 1982,
        month = sep,
       volume = {77},
       number = {5},
        pages = {2432-2437},
          doi = {10.1063/1.444111},
       adsurl = {https://ui.adsabs.harvard.edu/abs/1982JChPh..77.2432S},
      adsnote = {Provided by the SAO/NASA Astrophysics Data System}
}

@ARTICLE{Stief1975,
       author = {{Stief}, Louis J. and {Payne}, Walter A. and {Klemm}, R. Bruce},
        title = "{A flasch photolysis-resonance fluorescence study of the formation of O($^{1}$D) in the photolysis of water and the reaction of O($^{1}$D) with H$_{2}$, Ar, and He -}",
      journal = {\jcp},
         year = 1975,
        month = may,
       volume = {62},
       number = {10},
        pages = {4000-4008},
          doi = {10.1063/1.430323},
       adsurl = {https://ui.adsabs.harvard.edu/abs/1975JChPh..62.4000S},
      adsnote = {Provided by the SAO/NASA Astrophysics Data System}
}

@article{Hagege1968,
  title={Collision-induced predissociation in the gas phase. Photolysis of methanol at 1849 {\AA}},
  author={Hagege, J and Roberge, PC and Vermeil, C},
  journal={Transactions of the Faraday Society},
  volume={64},
  pages={3288--3299},
  year={1968},
  publisher={Royal Society of Chemistry}
}

@ARTICLE{Ferradaz2009,
       author = {{Ferradaz}, T. and {B{\'e}nilan}, Y. and {Fray}, N. and {Jolly}, A. and {Schwell}, M. and {Gazeau}, M.~C. and {Jochims}, H. -W.},
        title = "{Temperature-dependent photoabsorption cross-sections of cyanoacetylene and diacetylene in the mid- and vacuum-UV: Application to Titan's atmosphere}",
      journal = {\planss},
         year = 2009,
        month = jan,
       volume = {57},
       number = {1},
        pages = {10-22},
          doi = {10.1016/j.pss.2008.10.005},
       adsurl = {https://ui.adsabs.harvard.edu/abs/2009P&SS...57...10F},
      adsnote = {Provided by the SAO/NASA Astrophysics Data System}
}

@article{Smith1998,
  title={The temperature dependent absorption cross sections of C4H2 at mid ultraviolet wavelengths},
  author={Smith, NS and B{\'e}nilan, Y and Bruston, P},
  journal={Planetary and space science},
  volume={46},
  number={9-10},
  pages={1215--1220},
  year={1998},
  publisher={Elsevier}
}

@ARTICLE{Fahr1996,
       author = {{Fahr}, Askar and {Nayak}, Akshaya},
        title = "{Temperature dependent ultraviolet absorption cross sections of propylene, methylacetylene and vinylacetylene}",
      journal = {Chemical Physics},
         year = 1996,
        month = mar,
       volume = {203},
       number = {3},
        pages = {351-358},
          doi = {10.1016/0301-0104(95)00401-7},
       adsurl = {https://ui.adsabs.harvard.edu/abs/1996CP....203..351F},
      adsnote = {Provided by the SAO/NASA Astrophysics Data System}
}

@ARTICLE{Bass1953,
       author = {{Bass}, A.~M.},
        title = "{The Optical Absorption of Sulfur}",
      journal = {\jcp},
         year = 1953,
        month = jan,
       volume = {21},
       number = {1},
        pages = {80-82},
          doi = {10.1063/1.1698629},
       adsurl = {https://ui.adsabs.harvard.edu/abs/1953JChPh..21...80B},
      adsnote = {Provided by the SAO/NASA Astrophysics Data System}
}

